@inproceedings{john_swindle2010,
    author    = "Swindle, John",
    title     = "Robot location using three omnidirectional sound beacons",
    year      = "2010"
}
@inproceedings{reglement_cdf,
    author    = "planète-sciences",
    title     = "Règlement de la 23ème édition des Rencontres de Robotique",
    year      = "2016"
}
